%% This BibTeX bibliography file was created using BibDesk.
%% http://bibdesk.sourceforge.net/


%% Created for Simen at 2013-12-11 16:56:57 +0100 


%% Saved with string encoding Unicode (UTF-8) 



@misc{soccerbynumbers,
	Author = {Anderson Sally},
	Date-Added = {2013-12-11 15:20:56 +0000},
	Date-Modified = {2013-12-11 15:56:50 +0000},
	Howpublished = {http://www.soccerbythenumbers.com/},
	Month = {aug},
	Title = {Shots and Goals In the Big 4: Offensive Performance Across Leagues in 2010/11},
	Year = {2011}}

@misc{bigdata:milanlab,
	Author = {Jonathan Howard},
	Date-Modified = {2013-12-10 16:42:46 +0000},
	Month = oct,
	Title = {Sports Science and Big Data Opportunities},
	Url = {http://www.businessofsoccer.com/2013/10/04/sports-science-and-big-data-opportunities/},
	Year = {2013},
	Bdsk-Url-1 = {http://www.businessofsoccer.com/2013/10/04/sports-science-and-big-data-opportunities/}}

@article{Prozone:validation,
	Author = {Valter Di Salvo Adam Collins Barry McNeill Marco Cardinale},
	Date-Added = {2013-12-10 16:25:27 +0000},
	Date-Modified = {2013-12-10 16:47:00 +0000},
	Journal = {mordi},
	Title = {Validation of Prozone {\textregistered}: A new video-based performance analysis system},
	Year = {2006}}

@misc{dailymailOnStatistics,
	Author = {Martin Hardy},
	Date-Added = {2013-11-14 14:49:58 +0000},
	Date-Modified = {2013-12-10 17:20:53 +0000},
	Month = {Nov},
	Title = {How the science of Opta and Prozone's statistics are changing the Premier League},
	Year = {2011}}

@article{PTW,
	Author = {H{\aa}vard D. Johansen Svein Arne Pettersen P{\aa}l Haloversen and Dag Johansen},
	Date-Modified = {2013-12-10 16:56:55 +0000},
	Journal = {Regional Centre for Sport, Exercise and Health - North},
	Title = {Combining Video and Player Telemetry for Evidence-Based Decisions in Soccer},
	Year = {2013}}

@misc{bigdata:majorleague,
	Author = {Jason Turbow},
	Date-Modified = {2013-12-10 16:43:39 +0000},
	Month = jun,
	Title = {Soccer Embraces Big Data to Quantify the Beautiful Game},
	Url = {http://www.wired.com/playbook/2012/09/major-league-socccer-micoach/},
	Year = {2012},
	Bdsk-Url-1 = {http://www.wired.com/playbook/2012/09/major-league-socccer-micoach/}}

@article{computing_as_a_discipline,
	Acmid = {63239},
	Address = {New York, NY, USA},
	Author = {Comer, D. E. and Gries, David and Mulder, Michael C. and Tucker, Allen and Turner, A. Joe and Young, Paul R.},
	Doi = {10.1145/63238.63239},
	Editor = {Denning, Peter J.},
	Issn = {0001-0782},
	Issue_Date = {Jan. 1989},
	Journal = {Commun. ACM},
	Month = jan,
	Number = {1},
	Numpages = {15},
	Pages = {9--23},
	Publisher = {ACM},
	Title = {Computing as a discipline},
	Url = {http://doi.acm.org/10.1145/63238.63239},
	Volume = {32},
	Year = {1989},
	Bdsk-Url-1 = {http://doi.acm.org/10.1145/63238.63239},
	Bdsk-Url-2 = {http://dx.doi.org/10.1145/63238.63239}}

@misc{Prozone:indepth,
	Author = {Mark Venables},
	Note = {[Online; accessed 12-November-2013]},
	Title = {SportsTech: Football},
	Url = {\url{http://eandt.theiet.org/magazine/2013/10/programmed-for-success.cfm}},
	Year = {2013},
	Bdsk-Url-1 = {http://eandt.theiet.org/magazine/2013/10/programmed-for-success.cfm}}
